<collection xmlns="http://www.loc.gov/MARC21/slim">
<record>
  <leader>01608nam0a22002651i 450 </leader>
  <controlfield tag="001">IT\ICCU\CNCE\055751</controlfield>
  <controlfield tag="005">20120503000000.0</controlfield>
  <datafield tag="012" ind1=" " ind2=" ">
    <subfield code="a">i.30 2.0. sql. urCe (3) 1510 (T)</subfield>
    <subfield code="2">fei</subfield>
  </datafield>
  <datafield tag="100" ind1=" " ind2=" ">
    <subfield code="a">20040217d1510        0itac0103    ba</subfield>
  </datafield>
  <datafield tag="101" ind1=" " ind2=" ">
    <subfield code="a">LAT</subfield>
  </datafield>
  <datafield tag="102" ind1=" " ind2=" ">
    <subfield code="a">IT</subfield>
  </datafield>
  <datafield tag="200" ind1="1" ind2=" ">
    <subfield code="a">Breuiarium romanum bene corectum cum quotationibus in margine: psalmorum: hymnorum: ... quampluribus figuris decoratum &amp; in locis suis recte appositis que omnia hactenus non fuerunt impressa vel saltem in locis proprijs non bene situata vt in hoc nuperime impresso</subfield>
  </datafield>
  <datafield tag="210" ind1=" " ind2=" ">
    <subfield code="a">\Venezia</subfield>
    <subfield code="c">Bernardino Stagnino il vecchio!</subfield>
    <subfield code="e">(Impressum Venetijs</subfield>
    <subfield code="g">impensis Bernardini stagnini montisferrati</subfield>
    <subfield code="h">1510 sexto kalendas octobris</subfield>
  </datafield>
  <datafield tag="215" ind1=" " ind2=" ">
    <subfield code="a">\18!, 515 \i.e. 504!, \1! c.</subfield>
    <subfield code="c">ill.</subfield>
    <subfield code="d">4ʻ</subfield>
  </datafield>
  <datafield tag="620" ind1=" " ind2=" ">
    <subfield code="a">IT</subfield>
    <subfield code="d">Venezia</subfield>
  </datafield>
  <datafield tag="710" ind1="0" ind2="2">
    <subfield code="a">Chiesa cattolica</subfield>
    <subfield code="3">6731</subfield>
  </datafield>
  <datafield tag="712" ind1="0" ind2="0">
    <subfield code="a">Stagnino, Bernardino</subfield>
    <subfield code="c"> &lt;1.&gt;</subfield>
    <subfield code="3">IT\ICCU\CNCT\000489</subfield>
    <subfield code="4">650</subfield>
  </datafield>
  <datafield tag="791" ind1="0" ind2="2">
    <subfield code="a">Bernardinus de Tridino</subfield>
    <subfield code="3">IT\ICCU\CNCT\003611</subfield>
    <subfield code="z">Stagnino, Bernardino &lt;1.&gt;</subfield>
  </datafield>
  <datafield tag="791" ind1="0" ind2="0">
    <subfield code="a">Tridino, Bernardinus de</subfield>
    <subfield code="3">IT\ICCU\CNCT\003612</subfield>
    <subfield code="z">Stagnino, Bernardino &lt;1.&gt;</subfield>
  </datafield>
  <datafield tag="791" ind1="0" ind2="0">
    <subfield code="a">Iolitus de Ferrariis, Bernardinus</subfield>
    <subfield code="3">IT\ICCU\CNCT\005735</subfield>
    <subfield code="z">Stagnino, Bernardino &lt;1.&gt;</subfield>
  </datafield>
  <datafield tag="791" ind1="0" ind2="0">
    <subfield code="a">Stagninus, Bernardinus</subfield>
    <subfield code="c"> &lt;1.&gt;</subfield>
    <subfield code="3">IT\ICCU\CNCT\005736</subfield>
    <subfield code="z">Stagnino, Bernardino &lt;1.&gt;</subfield>
  </datafield>
  <datafield tag="801" ind1=" " ind2="3">
    <subfield code="a">IT</subfield>
    <subfield code="b">ICCU</subfield>
    <subfield code="c">20201115</subfield>
  </datafield>
  <datafield tag="899" ind1=" " ind2=" ">
    <subfield code="a">Biblioteche della Fondazione Giorgio Cini onlus. Venezia</subfield>
    <subfield code="1">VE0239</subfield>
    <subfield code="2">VEA FC</subfield>
  </datafield>
  <datafield tag="911" ind1=" " ind2=" ">
    <subfield code="a">Sul front.</subfield>
    <subfield code="9">IT\ICCU\CNCM\000501</subfield>
  </datafield>
  <datafield tag="921" ind1=" " ind2=" ">
    <subfield code="a">IT\ICCU\CNCM\000501</subfield>
    <subfield code="b">S. Bernardino da Siena con disco radiante con monogramma di Cristo IHS e mitra in basso. In cornice</subfield>
    <subfield code="c">K313</subfield>
    <subfield code="c">V484</subfield>
    <subfield code="c">Z179</subfield>
    <subfield code="d">cm. 3,4x5.1</subfield>
    <subfield code="f">BERNARDINO</subfield>
    <subfield code="f">DISCO</subfield>
    <subfield code="f">IHS</subfield>
    <subfield code="f">MITRA</subfield>
    <subfield code="g">1510-1538</subfield>
  </datafield>
</record>
</collection>
